<record><leader>00000cas a2200000 a 4500</leader><controlfield tag="001">28081955</controlfield><controlfield tag="008">930510d18821940iluwr ne      0   a0eng c</controlfield><datafield ind1=" " ind2=" " tag="010"><subfield code="a">sn 93055683 </subfield></datafield><datafield ind1=" " ind2=" " tag="040"><subfield code="a">NVF</subfield><subfield code="b">eng</subfield><subfield code="c">NVF</subfield><subfield code="d">OCLCQ</subfield><subfield code="d">NVF</subfield><subfield code="d">OCLCQ</subfield><subfield code="d">NVF</subfield><subfield code="d">OCLCF</subfield><subfield code="d">OCLCO</subfield></datafield><datafield ind1="1" ind2=" " tag="029"><subfield code="a">AU@</subfield><subfield code="b">000020740108</subfield></datafield><datafield ind1=" " ind2=" " tag="042"><subfield code="a">pcc</subfield></datafield><datafield ind1=" " ind2=" " tag="043"><subfield code="a">n-us-il</subfield></datafield><datafield ind1="0" ind2="0" tag="245"><subfield code="a">Bushnell record.</subfield></datafield><datafield ind1=" " ind2=" " tag="260"><subfield code="a">Bushnell, Ill. :</subfield><subfield code="b">Taylor &amp; Camp,</subfield><subfield code="c">1882-1940.</subfield></datafield><datafield ind1=" " ind2=" " tag="300"><subfield code="a">v.</subfield></datafield><datafield ind1=" " ind2=" " tag="310"><subfield code="a">Weekly</subfield></datafield><datafield ind1="0" ind2=" " tag="362"><subfield code="a">Vol. 15, no. 30 (July 28, 1882)-v. 76, no. 7 (Feb. 16, 1940).</subfield></datafield><datafield ind1=" " ind2=" " tag="515"><subfield code="a">Continues the numbering of Bushnell weekly record.</subfield></datafield><datafield ind1=" " ind2="0" tag="651"><subfield code="a">Bushnell (Ill.)</subfield><subfield code="v">Newspapers.</subfield></datafield><datafield ind1=" " ind2="7" tag="655"><subfield code="a">Newspapers.</subfield><subfield code="2">fast</subfield><subfield code="0">(OCoLC)fst01423814</subfield></datafield><datafield ind1=" " ind2="7" tag="651"><subfield code="a">Illinois</subfield><subfield code="z">Bushnell.</subfield><subfield code="2">fast</subfield><subfield code="0">(OCoLC)fst01227024</subfield></datafield><datafield ind1=" " ind2=" " tag="752"><subfield code="a">United States</subfield><subfield code="b">Illinois</subfield><subfield code="c">McDonough</subfield><subfield code="d">Bushnell.</subfield></datafield><datafield ind1="0" ind2="0" tag="780"><subfield code="t">Bushnell weekly record</subfield><subfield code="w">(DLC)sn 84038361</subfield><subfield code="w">(OCoLC)11282148</subfield></datafield><datafield ind1="0" ind2="4" tag="785"><subfield code="t">McDonough Democrat</subfield><subfield code="w">(DLC)sn 93055682</subfield><subfield code="w">(OCoLC)28081874</subfield></datafield></record>